@article{at1979,
author  = "M. Amara and J. M. Thomas",
title   = "Equilibrium finite elements for the linear elastic problem",
journal  = "Numer. Math.",
fjournal = "Numerische Mathematik",
volume = {33},
year = {1979},
number = {4},
pages = {367--383},
}

@article{aeny2019,
author  = "I. Ambartsumyan and V. J. Ervin and T. Nguyen and I. Yotov",
title   = "A nonlinear {S}tokes-{B}iot model for the interaction of a non-{N}ewtonian fluid with poroelastic media",
journal  = "ESAIM Math. Model. Numer. Anal.",
fjournal = "ESAIM: Mathematical Modelling and Numerical Analysis",
volume = {53},
year = {2019},
number = {6},
pages = {1915--1955},
}

@article{bqq2009,
author  = "S. Badia and A. Quaini and A. Quarteroni",
title   = "Coupling {B}iot and {N}avier-{S}tokes equations for modelling fluid-poroelastic media interaction",
journal  = "J. Comput. Phys.",
fjournal = "Journal of Computational Physics",
volume = {228},
year = {2009},
number = {21},
pages = {7986--8014},
}

@incollection {clqwy2016,
    AUTHOR = {Cesmelioglu, Aycil and Lee, Hyesuk and Quaini, Annalisa and
              Wang, Kening and Yi, Son-Young},
     TITLE = {Optimization-based decoupling algorithms for a
              fluid-poroelastic system},
 BOOKTITLE = {Topics in numerical partial differential equations and
              scientific computing},
    SERIES = {IMA Vol. Math. Appl.},
    VOLUME = {160},
     PAGES = {79--98},
 PUBLISHER = {Springer, New York},
      YEAR = {2016},
   MRCLASS = {65N30 (65N22 76S05)},
  MRNUMBER = {3587878},
}

@article{byz2015,
author  = "M. Buka\v{c} and I. Yotov and P. Zunino",
title   = "An operator splitting approach for the interaction between a fluid and a multilayered poroelastic structure",
journal  = "Numer. Methods Partial Differential Equations",
fjournal = "Numerical Methods for Partial Differential Equations",
volume = {31},
year = {2015},
number = {4},
pages = {1054--1100},
}

@article{byzz2015,
author  = "M. Buka\v{c} and I. Yotov and R. Zakerzadeh and P. Zunino",
title   = "Partitioning strategies for the interaction of a fluid with a poroelastic material based on a {N}itsche's coupling approach",
journal  = "Comput. Methods Appl. Mech. Engrg.",
fjournal = "Computer Methods in Applied Mechanics and Engineering",
volume = {292},
year = {2015},
pages = {138--170},
}

@article{ejs2009,
author  = "V. J. Ervin and E. W. Jenkins and S. Sun",
title   = "Coupled generalized nonlinear {S}tokes flow with flow through a porous medium",
journal  = "SIAM J. Numer. Anal.",
fjournal = "SIAM Journal on Numerical Analysis",
volume = {47},
year = {2009},
number = {2},
pages = {929--952},
}

@article{akyz2018,
author  = "I. Ambartsumyan and E. Khattatov and I. Yotov and P. Zunino",
title   = "A {L}agrange multiplier method for a {S}tokes-{B}iot fluid-poroelastic structure interaction model",
journal  = "Numer. Math.",
fjournal = "Numerische Mathematik",
volume = {140},
year = {2018},
number = {2},
pages = {513--553},
}

@article{b1941,
author  = "M. Biot",
title   = "General theory of three-dimensional consolidation",
journal  = "J. Appl. Phys.",
volume = {12},
year = {1941},
pages = {155--164},
}

@article{bg2004,
author  = "D. Boffi and L. Gastaldi",
title   = "Analysis of finite element approximation of evolution problems in mixed form",
journal  = "SIAM J. Numer. Anal.",
fjournal = "SIAM Journal on Numerical Analysis",
volume = {42},
year = {2004},
pages = {1502--1526},
}

@book {bbddff2008,
    AUTHOR = {Boffi, Daniele and Brezzi, Franco and Demkowicz, Leszek F. and
              Dur\'an, Ricardo G. and Falk, Richard S. and Fortin, Michel},
     TITLE = {Mixed finite elements, compatibility conditions, and
              applications},
    SERIES = {Lecture Notes in Mathematics},
    VOLUME = {1939},
  PUBLISHER = {Springer-Verlag, Berlin; Fondazione C.I.M.E., Florence},
      YEAR = {2008},
     PAGES = {x+235},
      ISBN = {978-3-540-78314-5},
   MRCLASS = {65N30 (65-02 65-06 74S05 76M10)},
  MRNUMBER = {2459075},
MRREVIEWER = {Rajen Kumar Sinha},
       DOI = {10.1007/978-3-540-78319-0},
       URL = {http://dx.doi.org/10.1007/978-3-540-78319-0},
}

@article{cgo2021,
author  = "J. Cama{\~n}o and C. Garc\'ia and R. Oyarz\'ua",
title   = "Analysis of a conservative mixed-{FEM} for the stationary {N}avier--{S}tokes problem",
journal = "Numerical Methods for Partial Differential Equations ",
volume = {37},
year = {2021},
number = {5},
pages = {2895--2923},
doi = {https://doi.org/10.1002/num.22789},
}

@article{cgot2016,
author  = "J. Cama{\~n}o and G. N. Gatica and R. Oyarz\'ua and G. Tierra",
title   = "An augmented mixed finite element method for the {N}avier--{S}tokes equations with variable viscosity",
journal  = "SIAM J. Numer. Anal.",
fjournal = "SIAM Journal on Numerical Analysis",
volume = {54},
year = {2016},
number = {2},
pages = {1069--1092},
}

@article{cot2017,
author  = "J. Cama{\~n}o and  R. Oyarz\'ua and G. Tierra",
title   = " Analysis of an augmented mixed-{FEM} for the {N}avier--{S}tokes problem",
journal  = "Math. Comp.",
fjournal = "Mathematics of Computation",
volume = {86},
year = {2017},
pages = {589--615},
}

@article{cmo2018,
author  = "J. Cama{\~n}o and C. Mu{\~n}oz and R. Oyarz\'ua",
title   = " Numerical analysis of a dual-mixed problem in non-standard {B}anach spaces",
journal  = "Electron. Trans. Numer. Anal.",
fjournal = "Electronic Transactions on Numerical Analysis",
volume = {48},
year = {2018},
pages = {114--130}
}

@article{cgos2017,
author  = " S. Caucao and G. N. Gatica and R. Oyarz\'ua and I. {\v S}ebestov{\'a}",
title   = " A fully-mixed finite element method for the {N}avier--{S}tokes/{D}arcy coupled problem with nonlinear viscosity",
journal  = "J. Numer. Math.",
fjournal = "Journal of Numerical Mathematics",
volume = {25},
year = {2017},
number = {2},
pages = {55--88},
}

@article{cy2021,
author  = "S. Caucao and I. Yotov",
title   = "A {B}anach space mixed formulation for the unsteady {B}rinkman--{F}orchheimer equations",
journal  = "IMA J. Numer. Anal.",
fjournal = "IMA Journal of Numerical Analysis",
volume = {41},
year = {2021},
number = {4},
pages = {2708--2743},
}

@article{gs2007,
author  = "J. Galvis and M. Sarkis",
title   = "Non-matching mortar discretization analysis for the coupling {S}tokes-{D}arcy equations",
journal  = "Electron. Trans. Numer. Anal.",
fjournal = "Electronic Transactions on Numerical Analysis",
volume = {26},
year = {2007},
pages = {350--384},
}

@book{Gatica,
author    = "G. N. Gatica",
title     = "A {S}imple {I}ntroduction to the {M}ixed {F}inite {E}lement {M}ethod. {T}heory and {A}pplications",
publisher = "Springer Briefs in Mathematics. Springer, Cham",
year      = {2014},
}

@article{gmor2014,
author  = "G. N. Gatica and A. M\'arquez and R. Oyarz\'ua and R. Rebolledo",
title   = "Analysis of an augmented fully-mixed approach for the coupling of quasi-{N}ewtonian 
fluids and porous media",
journal  = "Comput. Methods Appl. Mech. Engrg.",
fjournal = "Computer Methods in Applied Mechanics and Engineering",
volume = {270},
year = {2014},
pages = {76--112},
}

@article{gos2011,
author  = "G. N. Gatica and R. Oyarz\'ua and F. J. Sayas",
title   = "Analysis of fully-mixed finite element methods for the {S}tokes--{D}arcy coupled problem",
journal  = "Math. Comp.",
fjournal = "Mathematics of Computation",
volume = {80},
year = {2011},
number = {276},
pages = {1911--1948},
}

@article{gov2020,
author  = "G. N. Gatica and R. Oyarz\'ua and N. Valenzuela",
title   = "A five-field augmented fully-mixed finite element method for the {N}avier-{S}tokes/{D}arcy coupled problem",
journal  = "Comput. Math. Appl.",
fjournal = "Computers and Mathematics with Applications",
volume = {80},
year = {2020},
number = {8},
pages = {1944--1963},
}

@article{gobs2021,
author  = "G. N. Gatica and R. Oyarz\'ua and R. Ruiz-Baier and Y. D. Sobral",
title   = "Banach spaces-based analysis of a fully-mixed finite element method for the steady-state model of fluidized beds",
journal  = "Comput. Math. Appl.",
fjournal = "Computers and Mathematics with Applications",
volume = {84},
year = {2021},
pages = {244--276},
}

@article{gm1975,
author  = "R. Glowinski and A. Marroco",
title   = "Sur l'approximation, par \'el\'ements finis d'ordre un, et la r\'esolution, par p\'enalisation-dualit\'e, d'une classe de probl\`emes de Dirichlet non lin\'eaires",
journal  = "Rev. Fran\c{c}aise D'Automat. Informat. Recherche Op\'erationnelle S\'er. Rouge Anal. Num\'er",
fjournal = "Revue Fran\c{c}aise D'Automatique Informatique Recherche Op\'erationnelle. Analyse Num\'erique",
volume = {9},
year = {1975},
number = {2},
pages = {41--76},
}

@book {Renardy-Rogers,
    AUTHOR = {M. Renardy and R.C. Rogers},
     TITLE = {An Introduction to Partial Differential Equations},
    SERIES = {Texts in Applied Mathematics},
 VOLUME = {13},
  PUBLISHER = {Springer-Verlag, New York},
      YEAR = {2004},
}

@article{Hecht,
author  = "F. Hecht",
title   = "New development in {F}ree{F}em++",
journal = "J. Numer. Math.",
fjournal = "Journal of Numerical Mathematics",
volume  = {20},
year    = {2012},
number  = {3-4},
pages   = {251--265},
}

@article{Davis,
author  = "T. Davis",
title   = "Algorithm 832: {UMFPACK} {V}4.3 - an unsymmetric-pattern multifrontal method",
journal  = "ACM Trans. Math. Software",
fjournal = "ACM Transactions on Mathematical Software",
volume  = {30},
number  = {2},
year    = {2004},
pages   = {196--199},
}

@book{Showalter,
author    = "R. E. Showalter",
title     = "Monotone {O}perators in {B}anach {S}pace and {N}onlinear {P}artial {D}ifferential {E}quations",
publisher = "Mathematical Surveys and Monographs, 49. American Mathematical Society, Providence, RI",
year      = 1997,
}

@article{s2005,
author  = "R. E. Showalter",
title   = "Poroelastic filtration coupled to {S}tokes flow",
journal  = "Control theory of partial differential equations. Lect. Notes Pure Appl. Math., 242, Chapman \& Hall/CRC, Boca Raton, FL",
year    = {2005},
pages   = {229--241},
}


@article{s2010,
author  = "R. E. Showalter",
title   = "Nonlinear degenerate evolution equations in mixed formulations",
journal  = "SIAM J. Math. Anal.",
fjournal = "SIAM Journal on Mathematical Analysis",
volume  = {42},
number  = {5},
year    = {2010},
pages   = {2114--2131},
}

@book{ciarlet1978,
author    = "P. Ciarlet",
title     = "The Finite Element Method for Elliptic Problems",
publisher = "Studies in Mathematics and its Applications, Vol. 4. North-Holland Publishing Co., Amsterdam-New York-Oxford",
year      = 1978,
}

@article{abd1984,
author  = "D. N. Arnold and F. Brezzi and J. Douglas",
title   = "{PEERS}: a new mixed finite element for plane elasticity",
journal  = "Japan J. Appl. Math.",
fjournal = "Japan Journal of Applied Mathematics",
volume = {1},
year = {1984},
number = {2},
pages = {347--367},
}

@article{stenberg1988,
author  = "R. Stenberg",
title   = "A family of mixed finite elements for the elasticity problem",
journal  = "Numer. Math.",
fjournal = "Numerische Mathematik",
volume = {53},
year = {1988},
number = {5},
pages = {513--538},
}

@article{afw2007,
author  = "D. N. Arnold and R. S. Falk and R. Winter",
title   = "Mixed finite element methods for linear elasticity with weakly imposed symmetry",
journal  = "Math. Comp.",
fjournal = "Mathematics of Computation",
volume = {76},
year = {2007},
number = {260},
pages = {1699--1723},
}

@article {awanou2013,
AUTHOR = {Awanou, Gerard},
TITLE = {Rectangular mixed elements for elasticity with weakly imposed symmetry condition},
JOURNAL = {Adv. Comput. Math.},
FJOURNAL = {Advances in Computational Mathematics},
VOLUME = {38},
YEAR = {2013},
NUMBER = {2},
PAGES = {351--367},
ISSN = {1019-7168},
MRCLASS = {74S05 (65N30 74B05 74G15)},
MRNUMBER = {3019152},
DOI = {10.1007/s10444-011-9240-1},
URL = {https://doi.org/10.1007/s10444-011-9240-1},
}

@article{cgg2010,
author  = "B. Cockburn and J. Gopalakrishnan and J. Guzm\'an",
title   = "A new elasticity element made for enforcing weak stress symmetry",
journal  = "Math. Comp.",
fjournal = "Mathematics of Computation",
volume = {79},
year = {2010},
number = {271},
pages = {1331--1349},
}

@book{Brezzi-Fortin,
author    = "F. Brezzi and M. Fortin",
title     = "Mixed and Hybrid Finite Element Methods",
publisher = "Springer Series in Computational Mathematics, 15. Springer-Verlag, New York",
year      = 1991,
}

@article{sz1990,
author  = "L.R. Scott and S. Zhang",
title   = "Finite element interpolation of nonsmooth functions satisfying boundary conditions",
journal  = "Math. Comp.",
fjournal = "Mathematics of Computation",
volume = {54},
year = {1990},
number = {190},
pages = {483--493},
}

@article{swgbh2020,
author  = "M. Schneider and K. Weishaupt and D. Gläser and W.M. Boon and R. Helmig",
title   = "Coupling staggered-grid and {MPFA} finite volume methods for free flow/porous-medium flow problems",
journal  = "J. Comput. Phys.",
fjournal = "Journal of Computational Physics",
volume = {401},
year = {2020},
pages = {109012},
doi = {https://doi.org/10.1016/j.jcp.2019.109012},
url = {https://www.sciencedirect.com/science/article/pii/S0021999119307181},
}

@article{Cesmelioglu2017,
author  = "S. Cesmelioglu",
title   = "Analysis of the coupled {N}avier-{S}tokes/{B}iot problem",
journal  = "J. Math. Anal. Appl.",
fjournal = "Journal of Mathematical Analysis and Applications",
volume = {456},
year = {2017},
number = {2},
pages = {970--991},
}

@article{wy2022,
author  = "X. Wang and I. Yotov",
title   = "A {L}agrange multiplier formulation for the fully dynamic {N}avier--{S}tokes--{B}iot system",
journal = {Preprint},
year = {2025},
}

@article{lcy2022,
author  = "S. Caucao and T. Li and I. Yotov",
title   = "An augmented fully mixed formulation for the quasistatic {N}avier--{S}tokes--{B}iot model",
journal  = "IMA J. Numer. Anal.",
fjournal = "IMA Journal of Numerical Analysis",
volume = {44},
year = {2024},
number = {2},
pages = {1153--1210},
doi = {https://doi.org/10.1093/imanum/drad036},
}

@article{cly2022,
author  = "S. Caucao and T. Li and I. Yotov",
title   = "A multipoint stress-flux mixed finite element method for the {S}tokes-{B}iot model",
journal  = "Numer. Math.",
fjournal = "Numerische Mathematik",
volume = {152},
year = {2022},
pages = {411--473},
doi = {https://doi.org/10.1007/s00211-022-01310-2},
}

@article{cwy2025,
author  = "S. Caucao and X. Wang and I. Yotov",
title   = "Mathematical and numerical analysis of a fully coupled {S}tokes--{B}iot--transport model",
journal = {Preprint},
year = {2025},
}


